
@article{sl94,
  title={New worst-case results for the bin-packing problem},
  author={Simchi-Levi, David},
  journal={Naval Research Logistics (NRL)},
  volume={41},
  number={4},
  pages={579--585},
  year={1994},
  publisher={Wiley Online Library}
}
@article{jg85,
  title={A 7160 theorem for bin packing},
  author={Johnson, David S and Garey, Michael R},
  journal={Journal of complexity},
  volume={1},
  number={1},
  pages={65--106},
  year={1985},
  publisher={Elsevier}
}
@book{gj80,
  title={Michael R. Garey and David S. Johnson, Computers and intractability: A guide to the theory of $ NP $-completeness},
  author={Book, Ronald V},
  journal={Bulletin (New Series) of the American Mathematical Society},
  volume={3},
  number={2},
  pages={898--904},
  year={1980},
  publisher={American Mathematical Society}
}
@inproceedings{kk82,
  title={An efficient approximation scheme for the one-dimensional bin-packing problem},
  author={Karmarkar, Narendra and Karp, Richard M},
  booktitle={23rd Annual Symposium on Foundations of Computer Science (sfcs 1982)},
  pages={312--320},
  year={1982},
  organization={IEEE}
}
@article{ckst99,
  title={Structure in approximation classes},
  author={Crescenzi, Pierluigi and Kann, Viggo and Silvestri, Riccardo and Trevisan, linebreak Luca},
  journal={SIAM Journal on Computing},
  volume={28},
  number={5},
  pages={1759--1782},
  year={1999},
  publisher={SIAM}
}
@article{cgj96,
  title={Approximation algorithms for bin packing: A survey},
  author={man Jr, E.G. Coffman and Garey, M.R. and Johnson, D.S.},
  journal={Approximation algorithms for NP-hard problems},
  pages={46--93},
  year={1996},
  publisher={PWS Publishing Company Boston, MA, USA}
}
@article{f96,
  title={A hybrid grouping genetic algorithm for bin packing},
  author={Falkenauer, Emanuel},
  journal={Journal of heuristics},
  volume={2},
  number={1},
  pages={5--30},
  year={1996},
  publisher={Springer}
}
@article{yz95,
  title={A simple proof of the inequality $ MFFD(L) \leq \frac{71}{60} OPT(L) + 1, \forall L$ for the MFFD bin-packing algorithm},
  author={Yue, Minyi and Zhang, Lei},
  journal={Acta Mathematicae Applicatae Sinica},
  volume={11},
  number={3},
  pages={318--330},
  year={1995},
  publisher={Springer}
}
@INPROCEEDINGS{r13,
  author={Rothvo√ü, Thomas},
  booktitle={2013 IEEE 54th Annual Symposium on Foundations of Computer Science}, 
  title={Approximating Bin Packing within $O(\log OPT * \log \log OPT)$ Bins}, 
  year={2013},
  volume={},
  number={},
  pages={20-29},
  doi={10.1109/FOCS.2013.11}
}
@inproceedings{hr17,
  title={A logarithmic additive integrality gap for bin packing},
  author={Hoberg, Rebecca and Rothvoss, Thomas},
  booktitle={Proceedings of the Twenty-Eighth Annual ACM-SIAM Symposium on Discrete Algorithms},
  pages={2616--2625},
  year={2017},
  organization={SIAM}
}
@article{skj97,
  title={Bison: A fast hybrid procedure for exactly solving the one-dimensional bin packing problem},
  author={Scholl, Armin and Klein, Robert and J{\"u}rgens, Christian},
  journal={Computers \& Operations Research},
  volume={24},
  number={7},
  pages={627--645},
  year={1997},
  publisher={Elsevier}
}
